[gd_scene load_steps=54 format=2]

[ext_resource path="res://assets/textures/level related/Autotile01.png" type="Texture" id=1]

[sub_resource type="ConvexPolygonShape2D" id=6]
points = PoolVector2Array( 0, 0, 36, 0, 36, 36, 0, 36 )

[sub_resource type="ConvexPolygonShape2D" id=7]
points = PoolVector2Array( 0, 0, 36, 0, 36, 36, 0, 36 )

[sub_resource type="ConvexPolygonShape2D" id=8]
points = PoolVector2Array( 0, 0, 36, 0, 36, 36, 0, 36 )

[sub_resource type="ConvexPolygonShape2D" id=9]
points = PoolVector2Array( 0, 0, 36, 0, 36, 36, 0, 36 )

[sub_resource type="ConvexPolygonShape2D" id=10]
points = PoolVector2Array( 0, 0, 36, 0, 36, 36, 0, 36 )

[sub_resource type="ConvexPolygonShape2D" id=11]
points = PoolVector2Array( 0, 0, 36, 0, 36, 36, 0, 36 )

[sub_resource type="ConvexPolygonShape2D" id=12]
points = PoolVector2Array( 0, 0, 36, 0, 36, 36, 0, 36 )

[sub_resource type="ConvexPolygonShape2D" id=13]
points = PoolVector2Array( 0, 0, 36, 0, 36, 36, 0, 36 )

[sub_resource type="ConvexPolygonShape2D" id=14]
points = PoolVector2Array( 0, 0, 36, 0, 36, 36, 0, 36 )

[sub_resource type="ConvexPolygonShape2D" id=15]
points = PoolVector2Array( 0, 0, 36, 0, 36, 36, 0, 36 )

[sub_resource type="ConvexPolygonShape2D" id=16]
points = PoolVector2Array( 0, 0, 36, 0, 36, 36, 0, 36 )

[sub_resource type="ConvexPolygonShape2D" id=17]
points = PoolVector2Array( 0, 0, 36, 0, 36, 36, 0, 36 )

[sub_resource type="ConvexPolygonShape2D" id=18]
points = PoolVector2Array( 0, 0, 36, 0, 36, 36, 0, 36 )

[sub_resource type="ConvexPolygonShape2D" id=19]
points = PoolVector2Array( 0, 0, 36, 0, 36, 36, 0, 36 )

[sub_resource type="ConvexPolygonShape2D" id=20]
points = PoolVector2Array( 0, 0, 36, 0, 36, 36, 0, 36 )

[sub_resource type="ConvexPolygonShape2D" id=21]
points = PoolVector2Array( 0, 0, 36, 0, 36, 36, 0, 36 )

[sub_resource type="ConvexPolygonShape2D" id=22]
points = PoolVector2Array( 0, 0, 36, 0, 36, 36, 0, 36 )

[sub_resource type="ConvexPolygonShape2D" id=23]
points = PoolVector2Array( 0, 0, 36, 0, 36, 36, 0, 36 )

[sub_resource type="ConvexPolygonShape2D" id=24]
points = PoolVector2Array( 0, 0, 36, 0, 36, 36, 0, 36 )

[sub_resource type="ConvexPolygonShape2D" id=25]
points = PoolVector2Array( 0, 0, 36, 0, 36, 36, 0, 36 )

[sub_resource type="ConvexPolygonShape2D" id=26]
points = PoolVector2Array( 0, 0, 36, 0, 36, 36, 0, 36 )

[sub_resource type="ConvexPolygonShape2D" id=27]
points = PoolVector2Array( 0, 0, 36, 0, 36, 36, 0, 36 )

[sub_resource type="ConvexPolygonShape2D" id=28]
points = PoolVector2Array( 0, 0, 36, 0, 36, 36, 0, 36 )

[sub_resource type="ConvexPolygonShape2D" id=29]
points = PoolVector2Array( 0, 0, 36, 0, 36, 36, 0, 36 )

[sub_resource type="ConvexPolygonShape2D" id=30]
points = PoolVector2Array( 0, 0, 36, 0, 36, 36, 0, 36 )

[sub_resource type="ConvexPolygonShape2D" id=31]
points = PoolVector2Array( 0, 0, 36, 0, 36, 36, 0, 36 )

[sub_resource type="ConvexPolygonShape2D" id=32]
points = PoolVector2Array( 0, 0, 36, 0, 36, 36, 0, 36 )

[sub_resource type="ConvexPolygonShape2D" id=33]
points = PoolVector2Array( 0, 0, 36, 0, 36, 36, 0, 36 )

[sub_resource type="ConvexPolygonShape2D" id=34]
points = PoolVector2Array( 0, 0, 36, 0, 36, 36, 0, 36 )

[sub_resource type="ConvexPolygonShape2D" id=35]
points = PoolVector2Array( 0, 0, 36, 0, 36, 36, 0, 36 )

[sub_resource type="ConvexPolygonShape2D" id=36]
points = PoolVector2Array( 0, 0, 36, 0, 36, 36, 0, 36 )

[sub_resource type="ConvexPolygonShape2D" id=37]
points = PoolVector2Array( 0, 0, 36, 0, 36, 36, 0, 36 )

[sub_resource type="ConvexPolygonShape2D" id=38]
points = PoolVector2Array( 0, 0, 36, 0, 36, 36, 0, 36 )

[sub_resource type="ConvexPolygonShape2D" id=39]
points = PoolVector2Array( 0, 0, 36, 0, 36, 36, 0, 36 )

[sub_resource type="ConvexPolygonShape2D" id=40]
points = PoolVector2Array( 0, 0, 36, 0, 36, 36, 0, 36 )

[sub_resource type="ConvexPolygonShape2D" id=41]
points = PoolVector2Array( 0, 0, 36, 0, 36, 36, 0, 36 )

[sub_resource type="ConvexPolygonShape2D" id=42]
points = PoolVector2Array( 0, 0, 36, 0, 36, 36, 0, 36 )

[sub_resource type="ConvexPolygonShape2D" id=43]
points = PoolVector2Array( 0, 0, 36, 0, 36, 36, 0, 36 )

[sub_resource type="ConvexPolygonShape2D" id=44]
points = PoolVector2Array( 0, 0, 36, 0, 36, 36, 0, 36 )

[sub_resource type="ConvexPolygonShape2D" id=45]
points = PoolVector2Array( 0, 0, 36, 0, 36, 36, 0, 36 )

[sub_resource type="ConvexPolygonShape2D" id=46]
points = PoolVector2Array( 0, 0, 36, 0, 36, 36, 0, 36 )

[sub_resource type="ConvexPolygonShape2D" id=47]
points = PoolVector2Array( 0, 0, 36, 0, 36, 36, 0, 36 )

[sub_resource type="ConvexPolygonShape2D" id=48]
points = PoolVector2Array( 0, 0, 36, 0, 36, 36, 0, 36 )

[sub_resource type="ConvexPolygonShape2D" id=49]
points = PoolVector2Array( 0, 0, 36, 0, 36, 36, 0, 36 )

[sub_resource type="ConvexPolygonShape2D" id=50]
points = PoolVector2Array( 0, 0, 36, 0, 36, 36, 0, 36 )

[sub_resource type="ConvexPolygonShape2D" id=51]
points = PoolVector2Array( 0, 0, 36, 0, 36, 36, 0, 36 )

[sub_resource type="ConvexPolygonShape2D" id=52]
points = PoolVector2Array( 0, 0, 36, 0, 36, 36, 0, 36 )

[sub_resource type="ConvexPolygonShape2D" id=53]
points = PoolVector2Array( 0, 0, 36, 0, 36, 36, 0, 36 )

[sub_resource type="ConvexPolygonShape2D" id=54]
points = PoolVector2Array( 0, 0, 36, 0, 36, 36, 0, 36 )

[sub_resource type="ConvexPolygonShape2D" id=55]
points = PoolVector2Array( 0, 0, 36, 0, 36, 36, 0, 36 )

[sub_resource type="ConvexPolygonShape2D" id=56]
points = PoolVector2Array( 0, 0, 36, 0, 36, 36, 0, 36 )

[sub_resource type="TileSet" id=5]
0/name = "Block"
0/texture = ExtResource( 1 )
0/tex_offset = Vector2( 0, 0 )
0/modulate = Color( 1, 1, 1, 1 )
0/region = Rect2( 0, 0, 108, 612 )
0/tile_mode = 1
0/autotile/bitmask_mode = 1
0/autotile/bitmask_flags = [ Vector2( 0, 0 ), 432, Vector2( 0, 1 ), 438, Vector2( 0, 2 ), 54, Vector2( 0, 3 ), 255, Vector2( 0, 4 ), 219, Vector2( 0, 5 ), 507, Vector2( 0, 6 ), 144, Vector2( 0, 7 ), 56, Vector2( 0, 8 ), 18, Vector2( 0, 9 ), 442, Vector2( 0, 10 ), 446, Vector2( 0, 11 ), 190, Vector2( 0, 12 ), 176, Vector2( 0, 13 ), 154, Vector2( 0, 14 ), 50, Vector2( 0, 15 ), 440, Vector2( 0, 16 ), 182, Vector2( 0, 17 ), 59, Vector2( 1, 0 ), 504, Vector2( 1, 1 ), 511, Vector2( 1, 2 ), 63, Vector2( 1, 3 ), 63, Vector2( 1, 4 ), 16, Vector2( 1, 5 ), 504, Vector2( 1, 6 ), 146, Vector2( 1, 7 ), 186, Vector2( 1, 8 ), 146, Vector2( 1, 9 ), 506, Vector2( 1, 10 ), 62, Vector2( 1, 11 ), 191, Vector2( 1, 12 ), 58, Vector2( 1, 13 ), 59, Vector2( 1, 14 ), 184, Vector2( 1, 15 ), 434, Vector2( 1, 16 ), 218, Vector2( 1, 17 ), 218, Vector2( 2, 0 ), 216, Vector2( 2, 1 ), 219, Vector2( 2, 2 ), 27, Vector2( 2, 3 ), 447, Vector2( 2, 4 ), 438, Vector2( 2, 5 ), 510, Vector2( 2, 6 ), 48, Vector2( 2, 7 ), 56, Vector2( 2, 8 ), 24, Vector2( 2, 9 ), 250, Vector2( 2, 10 ), 251, Vector2( 2, 11 ), 187, Vector2( 2, 12 ), 152, Vector2( 2, 13 ), 178, Vector2( 2, 14 ), 26, Vector2( 2, 15 ), 248, Vector2( 2, 16 ), 155, Vector2( 2, 17 ), 62 ]
0/autotile/icon_coordinate = Vector2( 1, 4 )
0/autotile/tile_size = Vector2( 36, 36 )
0/autotile/spacing = 0
0/autotile/occluder_map = [  ]
0/autotile/navpoly_map = [  ]
0/autotile/priority_map = [  ]
0/autotile/z_index_map = [  ]
0/occluder_offset = Vector2( 0, 0 )
0/navigation_offset = Vector2( 0, 0 )
0/shapes = [ {
"autotile_coord": Vector2( 0, 0 ),
"one_way": false,
"one_way_margin": 1.0,
"shape": SubResource( 6 ),
"shape_transform": Transform2D( 1, 0, 0, 1, 0, 0 )
}, {
"autotile_coord": Vector2( 1, 0 ),
"one_way": false,
"one_way_margin": 1.0,
"shape": SubResource( 7 ),
"shape_transform": Transform2D( 1, 0, 0, 1, 0, 0 )
}, {
"autotile_coord": Vector2( 2, 0 ),
"one_way": false,
"one_way_margin": 1.0,
"shape": SubResource( 8 ),
"shape_transform": Transform2D( 1, 0, 0, 1, 0, 0 )
}, {
"autotile_coord": Vector2( 0, 1 ),
"one_way": false,
"one_way_margin": 1.0,
"shape": SubResource( 9 ),
"shape_transform": Transform2D( 1, 0, 0, 1, 0, 0 )
}, {
"autotile_coord": Vector2( 1, 1 ),
"one_way": false,
"one_way_margin": 1.0,
"shape": SubResource( 10 ),
"shape_transform": Transform2D( 1, 0, 0, 1, 0, 0 )
}, {
"autotile_coord": Vector2( 2, 1 ),
"one_way": false,
"one_way_margin": 1.0,
"shape": SubResource( 11 ),
"shape_transform": Transform2D( 1, 0, 0, 1, 0, 0 )
}, {
"autotile_coord": Vector2( 2, 2 ),
"one_way": false,
"one_way_margin": 1.0,
"shape": SubResource( 12 ),
"shape_transform": Transform2D( 1, 0, 0, 1, 0, 0 )
}, {
"autotile_coord": Vector2( 1, 2 ),
"one_way": false,
"one_way_margin": 1.0,
"shape": SubResource( 13 ),
"shape_transform": Transform2D( 1, 0, 0, 1, 0, 0 )
}, {
"autotile_coord": Vector2( 0, 2 ),
"one_way": false,
"one_way_margin": 1.0,
"shape": SubResource( 14 ),
"shape_transform": Transform2D( 1, 0, 0, 1, 0, 0 )
}, {
"autotile_coord": Vector2( 0, 3 ),
"one_way": false,
"one_way_margin": 1.0,
"shape": SubResource( 15 ),
"shape_transform": Transform2D( 1, 0, 0, 1, 0, 0 )
}, {
"autotile_coord": Vector2( 1, 3 ),
"one_way": false,
"one_way_margin": 1.0,
"shape": SubResource( 16 ),
"shape_transform": Transform2D( 1, 0, 0, 1, 0, 0 )
}, {
"autotile_coord": Vector2( 2, 3 ),
"one_way": false,
"one_way_margin": 1.0,
"shape": SubResource( 17 ),
"shape_transform": Transform2D( 1, 0, 0, 1, 0, 0 )
}, {
"autotile_coord": Vector2( 2, 4 ),
"one_way": false,
"one_way_margin": 1.0,
"shape": SubResource( 18 ),
"shape_transform": Transform2D( 1, 0, 0, 1, 0, 0 )
}, {
"autotile_coord": Vector2( 1, 4 ),
"one_way": false,
"one_way_margin": 1.0,
"shape": SubResource( 19 ),
"shape_transform": Transform2D( 1, 0, 0, 1, 0, 0 )
}, {
"autotile_coord": Vector2( 0, 4 ),
"one_way": false,
"one_way_margin": 1.0,
"shape": SubResource( 20 ),
"shape_transform": Transform2D( 1, 0, 0, 1, 0, 0 )
}, {
"autotile_coord": Vector2( 0, 5 ),
"one_way": false,
"one_way_margin": 1.0,
"shape": SubResource( 21 ),
"shape_transform": Transform2D( 1, 0, 0, 1, 0, 0 )
}, {
"autotile_coord": Vector2( 1, 5 ),
"one_way": false,
"one_way_margin": 1.0,
"shape": SubResource( 22 ),
"shape_transform": Transform2D( 1, 0, 0, 1, 0, 0 )
}, {
"autotile_coord": Vector2( 2, 5 ),
"one_way": false,
"one_way_margin": 1.0,
"shape": SubResource( 23 ),
"shape_transform": Transform2D( 1, 0, 0, 1, 0, 0 )
}, {
"autotile_coord": Vector2( 2, 6 ),
"one_way": false,
"one_way_margin": 1.0,
"shape": SubResource( 24 ),
"shape_transform": Transform2D( 1, 0, 0, 1, 0, 0 )
}, {
"autotile_coord": Vector2( 1, 6 ),
"one_way": false,
"one_way_margin": 1.0,
"shape": SubResource( 25 ),
"shape_transform": Transform2D( 1, 0, 0, 1, 0, 0 )
}, {
"autotile_coord": Vector2( 0, 6 ),
"one_way": false,
"one_way_margin": 1.0,
"shape": SubResource( 26 ),
"shape_transform": Transform2D( 1, 0, 0, 1, 0, 0 )
}, {
"autotile_coord": Vector2( 0, 7 ),
"one_way": false,
"one_way_margin": 1.0,
"shape": SubResource( 27 ),
"shape_transform": Transform2D( 1, 0, 0, 1, 0, 0 )
}, {
"autotile_coord": Vector2( 1, 7 ),
"one_way": false,
"one_way_margin": 1.0,
"shape": SubResource( 28 ),
"shape_transform": Transform2D( 1, 0, 0, 1, 0, 0 )
}, {
"autotile_coord": Vector2( 2, 7 ),
"one_way": false,
"one_way_margin": 1.0,
"shape": SubResource( 29 ),
"shape_transform": Transform2D( 1, 0, 0, 1, 0, 0 )
}, {
"autotile_coord": Vector2( 2, 8 ),
"one_way": false,
"one_way_margin": 1.0,
"shape": SubResource( 30 ),
"shape_transform": Transform2D( 1, 0, 0, 1, 0, 0 )
}, {
"autotile_coord": Vector2( 1, 8 ),
"one_way": false,
"one_way_margin": 1.0,
"shape": SubResource( 31 ),
"shape_transform": Transform2D( 1, 0, 0, 1, 0, 0 )
}, {
"autotile_coord": Vector2( 0, 8 ),
"one_way": false,
"one_way_margin": 1.0,
"shape": SubResource( 32 ),
"shape_transform": Transform2D( 1, 0, 0, 1, 0, 0 )
}, {
"autotile_coord": Vector2( 0, 9 ),
"one_way": false,
"one_way_margin": 1.0,
"shape": SubResource( 33 ),
"shape_transform": Transform2D( 1, 0, 0, 1, 0, 0 )
}, {
"autotile_coord": Vector2( 1, 9 ),
"one_way": false,
"one_way_margin": 1.0,
"shape": SubResource( 34 ),
"shape_transform": Transform2D( 1, 0, 0, 1, 0, 0 )
}, {
"autotile_coord": Vector2( 2, 9 ),
"one_way": false,
"one_way_margin": 1.0,
"shape": SubResource( 35 ),
"shape_transform": Transform2D( 1, 0, 0, 1, 0, 0 )
}, {
"autotile_coord": Vector2( 2, 10 ),
"one_way": false,
"one_way_margin": 1.0,
"shape": SubResource( 36 ),
"shape_transform": Transform2D( 1, 0, 0, 1, 0, 0 )
}, {
"autotile_coord": Vector2( 1, 10 ),
"one_way": false,
"one_way_margin": 1.0,
"shape": SubResource( 37 ),
"shape_transform": Transform2D( 1, 0, 0, 1, 0, 0 )
}, {
"autotile_coord": Vector2( 0, 10 ),
"one_way": false,
"one_way_margin": 1.0,
"shape": SubResource( 38 ),
"shape_transform": Transform2D( 1, 0, 0, 1, 0, 0 )
}, {
"autotile_coord": Vector2( 0, 11 ),
"one_way": false,
"one_way_margin": 1.0,
"shape": SubResource( 39 ),
"shape_transform": Transform2D( 1, 0, 0, 1, 0, 0 )
}, {
"autotile_coord": Vector2( 1, 11 ),
"one_way": false,
"one_way_margin": 1.0,
"shape": SubResource( 40 ),
"shape_transform": Transform2D( 1, 0, 0, 1, 0, 0 )
}, {
"autotile_coord": Vector2( 2, 11 ),
"one_way": false,
"one_way_margin": 1.0,
"shape": SubResource( 41 ),
"shape_transform": Transform2D( 1, 0, 0, 1, 0, 0 )
}, {
"autotile_coord": Vector2( 2, 12 ),
"one_way": false,
"one_way_margin": 1.0,
"shape": SubResource( 42 ),
"shape_transform": Transform2D( 1, 0, 0, 1, 0, 0 )
}, {
"autotile_coord": Vector2( 1, 12 ),
"one_way": false,
"one_way_margin": 1.0,
"shape": SubResource( 43 ),
"shape_transform": Transform2D( 1, 0, 0, 1, 0, 0 )
}, {
"autotile_coord": Vector2( 0, 12 ),
"one_way": false,
"one_way_margin": 1.0,
"shape": SubResource( 44 ),
"shape_transform": Transform2D( 1, 0, 0, 1, 0, 0 )
}, {
"autotile_coord": Vector2( 0, 13 ),
"one_way": false,
"one_way_margin": 1.0,
"shape": SubResource( 45 ),
"shape_transform": Transform2D( 1, 0, 0, 1, 0, 0 )
}, {
"autotile_coord": Vector2( 1, 13 ),
"one_way": false,
"one_way_margin": 1.0,
"shape": SubResource( 46 ),
"shape_transform": Transform2D( 1, 0, 0, 1, 0, 0 )
}, {
"autotile_coord": Vector2( 2, 13 ),
"one_way": false,
"one_way_margin": 1.0,
"shape": SubResource( 47 ),
"shape_transform": Transform2D( 1, 0, 0, 1, 0, 0 )
}, {
"autotile_coord": Vector2( 2, 14 ),
"one_way": false,
"one_way_margin": 1.0,
"shape": SubResource( 48 ),
"shape_transform": Transform2D( 1, 0, 0, 1, 0, 0 )
}, {
"autotile_coord": Vector2( 1, 14 ),
"one_way": false,
"one_way_margin": 1.0,
"shape": SubResource( 49 ),
"shape_transform": Transform2D( 1, 0, 0, 1, 0, 0 )
}, {
"autotile_coord": Vector2( 0, 14 ),
"one_way": false,
"one_way_margin": 1.0,
"shape": SubResource( 50 ),
"shape_transform": Transform2D( 1, 0, 0, 1, 0, 0 )
}, {
"autotile_coord": Vector2( 0, 15 ),
"one_way": false,
"one_way_margin": 1.0,
"shape": SubResource( 51 ),
"shape_transform": Transform2D( 1, 0, 0, 1, 0, 0 )
}, {
"autotile_coord": Vector2( 1, 15 ),
"one_way": false,
"one_way_margin": 1.0,
"shape": SubResource( 52 ),
"shape_transform": Transform2D( 1, 0, 0, 1, 0, 0 )
}, {
"autotile_coord": Vector2( 2, 15 ),
"one_way": false,
"one_way_margin": 1.0,
"shape": SubResource( 53 ),
"shape_transform": Transform2D( 1, 0, 0, 1, 0, 0 )
}, {
"autotile_coord": Vector2( 2, 16 ),
"one_way": false,
"one_way_margin": 1.0,
"shape": SubResource( 54 ),
"shape_transform": Transform2D( 1, 0, 0, 1, 0, 0 )
}, {
"autotile_coord": Vector2( 1, 16 ),
"one_way": false,
"one_way_margin": 1.0,
"shape": SubResource( 55 ),
"shape_transform": Transform2D( 1, 0, 0, 1, 0, 0 )
}, {
"autotile_coord": Vector2( 0, 16 ),
"one_way": false,
"one_way_margin": 1.0,
"shape": SubResource( 56 ),
"shape_transform": Transform2D( 1, 0, 0, 1, 0, 0 )
} ]
0/z_index = 0

[node name="BlocksTileset" type="TileMap" groups=[
"floor",
"wall",
"block",
]]
tile_set = SubResource( 5 )
cell_size = Vector2( 36, 36 )
collision_friction = 0.0
collision_layer = 31
collision_mask = 31
format = 1
